@online{Wong,
  author = {Jamie Wong},
  title = {Metaballs and Marching Squares},
  year = 2014,
  url = {http://jamie-wong.com/2014/08/19/metaballs-and-marching-squares/},
  urldate = {2016-11-22}
}